@article{Royce1970,
  author = {Royce, Winston W.},
  title = {Managing the Development of Large Software Systems},
  booktitle = {Proceedings of IEEE WESCON},
  year = {1970},
  pages = {1--9}
}

@article{Boehm1988,
  author = {Boehm, Barry W.},
  title = {A Spiral Model of Software Development and Enhancement},
  journal = {Computer},
  volume = {21},
  number = {5},
  year = {1988},
  pages = {61--72}
}

@book{Beck2001,
  author = {Beck, Kent and others},
  title = {Manifesto for Agile Software Development},
  year = {2001},
  url = {http://agilemanifesto.org}
}

@book{Cockburn2002,
  author = {Cockburn, Alistair},
  title = {Agile Software Development},
  publisher = {Addison-Wesley},
  year = {2002}
}

@book{Booch1994,
  author = {Booch, Grady},
  title = {Object-Oriented Analysis and Design with Applications},
  publisher = {Benjamin/Cummings Publishing},
  edition = {2nd},
  year = {1994}
}

@book{Gamma1995,
  author = {Gamma, Erich and Helm, Richard and Johnson, Ralph and Vlissides, John},
  title = {Design Patterns: Elements of Reusable Object-Oriented Software},
  publisher = {Addison-Wesley},
  year = {1995}
}

@techreport{OMG2017,
  author = {{Object Management Group}},
  title = {OMG Unified Modeling Language (OMG UML)},
  institution = {Object Management Group},
  year = {2017},
  version = {2.5.1}
}

@book{Rumbaugh2004,
  author = {Rumbaugh, James and Jacobson, Ivar and Booch, Grady},
  title = {The Unified Modeling Language Reference Manual},
  publisher = {Addison-Wesley},
  edition = {2nd},
  year = {2004}
}

@book{Fowler2003,
  author = {Fowler, Martin},
  title = {UML Distilled: A Brief Guide to the Standard Object Modeling Language},
  publisher = {Addison-Wesley},
  edition = {3rd},
  year = {2003}
}

@book{FlutterDocs2024,
  author = {{Google and Flutter Contributors}},
  title = {Flutter Documentation},
  year = {2024},
  url = {https://docs.flutter.dev}
}

@book{SupabaseDocs2024,
  author = {{Supabase Inc.}},
  title = {Supabase Documentation},
  year = {2024},
  url = {https://supabase.com/docs}
}
